@article{Riess2022,
  author = {Riess, A. G. and others},
  collaboration = {SH0ES},
  title = {A comprehensive measurement of the local value of the {Hubble} constant with 1 km s$^{-1}$ {Mpc}$^{-1}$ uncertainty from the {Hubble Space Telescope} and the {SH0ES} team},
  journal = {Astrophys. J. Lett.},
  volume = {934},
  pages = {L7},
  year = {2022},
  doi = {10.3847/2041-8213/ac5c5b}
}

@article{ACT2020,
  author = {Aiola, S. and others},
  collaboration = {ACT},
  title = {The {Atacama Cosmology Telescope}: {DR4} maps and cosmological parameters},
  journal = {J. Cosmol. Astropart. Phys.},
  volume = {12},
  pages = {047},
  year = {2020},
  doi = {10.1088/1475-7516/2020/12/047}
}

@article{Hawking2014,
  author = {Hawking, S. W.},
  title = {Information preservation and weather forecasting for black holes},
  journal = {arXiv:1401.5761},
  eprint = {1401.5761},
  archivePrefix = {arXiv},
  primaryClass = {hep-th},
  year = {2014}
}

@article{Cao2020,
  author = {Cao, Y. and others},
  title = {Quantum biology revisited},
  journal = {Sci. Adv.},
  volume = {6},
  pages = {eaaz4888},
  year = {2020},
  doi = {10.1126/sciadv.aaz4888}
}

@article{deLange2010,
  author = {de Lange, G. and others},
  title = {Universal dynamical decoupling of a single solid-state spin from a spin bath},
  journal = {Science},
  volume = {330},
  pages = {60},
  year = {2010},
  doi = {10.1126/science.1192739}
}

@article{Pla2013,
  author = {Pla, J. J. and others},
  title = {High-fidelity readout and control of a nuclear spin qubit in silicon},
  journal = {Nature},
  volume = {496},
  pages = {334},
  year = {2013},
  doi = {10.1038/nature12011}
}

@article{CampagneIbarcq2020,
  author = {Campagne-Ibarcq, P. and others},
  title = {Quantum error correction of a qubit encoded in grid states of an oscillator},
  journal = {Nature},
  volume = {584},
  pages = {368},
  year = {2020},
  doi = {10.1038/s41586-020-2603-3}
}

@article{Koch2007,
  author = {Koch, J. and others},
  title = {Charge-insensitive qubit design derived from the {Cooper} pair box},
  journal = {Phys. Rev. A},
  volume = {76},
  pages = {042319},
  year = {2007},
  doi = {10.1103/PhysRevA.76.042319}
}

@article{SafaviNaeini2012,
  author = {Safavi-Naeini, A. H. and others},
  title = {Observation of quantum motion of a nanomechanical resonator},
  journal = {Phys. Rev. Lett.},
  volume = {108},
  pages = {033602},
  year = {2012},
  doi = {10.1103/PhysRevLett.108.033602}
}

@article{LIGO2023,
  author = {{LIGO Scientific Collaboration} and {Virgo Collaboration}},
  title = {{GWTC-3}: Compact Binary Coalescences Observed by {LIGO} and {Virgo} during the Second Part of the Third Observing Run},
  journal = {Phys. Rev. X},
  volume = {13},
  pages = {041039},
  year = {2023},
  doi = {10.1103/PhysRevX.13.041039}
}

@article{EHT2022,
  author = {{Event Horizon Telescope Collaboration}},
  title = {First {Sagittarius A*} {Event Horizon Telescope} Results. {I}. {The} Shadow of the Supermassive Black Hole in the Center of the {Milky Way}},
  journal = {Astrophys. J. Lett.},
  volume = {930},
  pages = {L12},
  year = {2022},
  doi = {10.3847/2041-8213/ac6674}
}

@article{KiDS2021,
  author = {Heymans, C. and others},
  collaboration = {KiDS},
  title = {{KiDS-1000} Cosmology: Multi-probe weak gravitational lensing and spectroscopic galaxy clustering constraints},
  journal = {Astron. Astrophys.},
  volume = {646},
  pages = {A140},
  year = {2021},
  doi = {10.1051/0004-6361/202038680}
}

@article{MIDIS2022,
  author = {Bowler, R. A. A. and others},
  title = {The evolution of the galaxy {UV} luminosity function at redshifts $z \simeq 8$--15 from deep {JWST} and ground-based near-infrared imaging},
  journal = {Mon. Not. R. Astron. Soc.},
  volume = {510},
  pages = {5088},
  year = {2022},
  doi = {10.1093/mnras/stab3749}
}

@article{Murphy2025,
  author = {Murphy, A.},
  title = {Quantum {Harmonia}: {A} framework for scale-dependent coupling in physical systems},
  journal = {arXiv:2408.XXXXX},
  eprint = {2408.XXXXX},
  archivePrefix = {arXiv},
  primaryClass = {quant-ph},
  year = {2025}
}

@article{Planck2020,
  author = {{Planck Collaboration}},
  title = {{Planck} 2018 results. {VI}. Cosmological parameters},
  journal = {Astron. Astrophys.},
  volume = {641},
  pages = {A6},
  year = {2020},
  doi = {10.1051/0004-6361/201833910}
}